@book{Goodfellow-et-al-2016,
    title={Deep Learning},
    author={Ian Goodfellow and Yoshua Bengio and Aaron Courville},
    publisher={MIT Press},
    year={2016}
}

@article{DBLP:journals/corr/BurdaGS15,
  author    = {Yuri Burda and
               Roger B. Grosse and
               Ruslan Salakhutdinov},
  title     = {Importance Weighted Autoencoders},
  journal   = {CoRR},
  volume    = {abs/1509.00519},
  year      = {2015},
  url       = {http://arxiv.org/abs/1509.00519},
  archivePrefix = {arXiv},
  eprint    = {1509.00519},
  timestamp = {Wed, 07 Jun 2017 14:41:14 +0200},
  biburl    = {https://dblp.org/rec/bib/journals/corr/BurdaGS15},
  bibsource = {dblp computer science bibliography, https://dblp.org}
}

@ARTICLE{2014arXiv1412.6515G,
   author = {{Goodfellow}, I.~J.},
    title = "{On distinguishability criteria for estimating generative models}",
  journal = {ArXiv e-prints},
archivePrefix = "arXiv",
   eprint = {1412.6515},
 primaryClass = "stat.ML",
 keywords = {Statistics - Machine Learning},
     year = 2014,
    month = dec,
   adsurl = {http://adsabs.harvard.edu/abs/2014arXiv1412.6515G},
  adsnote = {Provided by the SAO/NASA Astrophysics Data System}
}

